<?xml version="1.0" encoding="UTF-8"?><record xmlns="http://www.loc.gov/MARC21/slim" xmlns:cinclude="http://apache.org/cocoon/include/1.0" xmlns:zs="http://www.loc.gov/zing/srw/">
  <leader>00505cz  a2200145n  4500</leader>
  <controlfield tag="001">n  86137991 </controlfield>
  <controlfield tag="003">DLC</controlfield>
  <controlfield tag="005">20010714071312.0</controlfield>
  <controlfield tag="008">860923n| acannaabn          |n aaa     b</controlfield>
  <datafield tag="010" ind1=" " ind2=" ">
    <subfield code="a">n  86137991 </subfield>
  </datafield>
  <datafield tag="035" ind1=" " ind2=" ">
    <subfield code="a">(OCoLC)oca01695795</subfield>
  </datafield>
  <datafield tag="040" ind1=" " ind2=" ">
    <subfield code="a">DNLM</subfield>
    <subfield code="c">DLC</subfield>
    <subfield code="d">DLC</subfield>
    <subfield code="d">MoKU</subfield>
  </datafield>
  <datafield tag="100" ind1="1" ind2=" ">
    <subfield code="a">Buford, Terry A. Hall</subfield>
  </datafield>
  <datafield tag="670" ind1=" " ind2=" ">
    <subfield code="a">Her Developmental concepts [computer program] 1984:</subfield>
    <subfield code="b">credit frame (Terry A. Hall Buford, RN, MN)</subfield>
  </datafield>
  <datafield tag="670" ind1=" " ind2=" ">
    <subfield code="a">2001-2002 UMKC general catalog, 2001:</subfield>
    <subfield code="b">p. 475 (Terry A. Buford ; M.N., Univ. of Kansas)</subfield>
  </datafield>
</record>